@book{platzer2018logical,
  title={Logical foundations of cyber-physical systems},
  author={Platzer, Andr{\'e}},
  year={2018},
  publisher={Springer}
}

@article{platzer2012complete,
  title={A complete axiomatization of quantified differential dynamic logic for distributed hybrid systems},
  author={Platzer, Andr{\'e}},
  journal={arXiv preprint arXiv:1206.3357},
  year={2012}
}

@inproceedings{platzer2011stochastic,
  title={Stochastic differential dynamic logic for stochastic hybrid programs},
  author={Platzer, Andr{\'e}},
  booktitle={International Conference on Automated Deduction},
  pages={446--460},
  year={2011},
  organization={Springer}
}

@inproceedings{nelken1996automatic,
  title={Automatic translation of natural language system specifications into temporal logic},
  author={Nelken, Rani and Francez, Nissim},
  booktitle={International Conference on Computer Aided Verification},
  pages={360--371},
  year={1996},
  organization={Springer}
}

@article{zowghi2003interplay,
  title={On the interplay between consistency, completeness, and correctness in requirements evolution},
  author={Zowghi, Didar and Gervasi, Vincenzo},
  journal={Information and Software technology},
  volume={45},
  number={14},
  pages={993--1009},
  year={2003},
  publisher={Elsevier}
}